<?xml version="1.0" encoding="UTF-8"?><record xmlns="http://www.loc.gov/MARC21/slim" xmlns:cinclude="http://apache.org/cocoon/include/1.0" xmlns:zs="http://www.loc.gov/zing/srw/">
  <leader>01142cz  a2200157n  4500</leader>
  <controlfield tag="001">n 2005208098</controlfield>
  <controlfield tag="003">DLC</controlfield>
  <controlfield tag="005">20070405074959.0</controlfield>
  <controlfield tag="008">061228n| acannaabn          |a ana      </controlfield>
  <datafield tag="010" ind1=" " ind2=" ">
    <subfield code="a">n 2005208098</subfield>
  </datafield>
  <datafield tag="040" ind1=" " ind2=" ">
    <subfield code="a">DLC</subfield>
    <subfield code="b">eng</subfield>
    <subfield code="c">DLC</subfield>
  </datafield>
  <datafield tag="110" ind1="2" ind2=" ">
    <subfield code="a">Mahāwitthayālai Khō̜n Kǣn.</subfield>
    <subfield code="b">Sūn Wičhai læ Phatthanā Khrōngsāng Mūnthān Yāng Yangyư̄n</subfield>
  </datafield>
  <datafield tag="410" ind1="2" ind2=" ">
    <subfield code="a">Mahāwitthayālai Khō̜n Kǣn.</subfield>
    <subfield code="b">Khana Witsawakammasāt.</subfield>
    <subfield code="b">Sūn Wičhai læ Phatthanā Khrōngsāng Mūnthān Yāng Yangyư̄n</subfield>
  </datafield>
  <datafield tag="410" ind1="2" ind2=" ">
    <subfield code="a">Mahāwitthayālai Khō̜n Kǣn.</subfield>
    <subfield code="b">Sustainable Infrastructure Research and Development Center</subfield>
  </datafield>
  <datafield tag="410" ind1="2" ind2=" ">
    <subfield code="a">Mahāwitthayālai Khō̜n Kǣn.</subfield>
    <subfield code="b">Khana Witsawakammasāt.</subfield>
    <subfield code="b">Sustainable Infrastructure Research and Development Center</subfield>
  </datafield>
  <datafield tag="670" ind1=" " ind2=" ">
    <subfield code="a">Kānsưksā kānčhattham phǣn mǣbot dān kānčharāčhō̜n læ khonsong mư̄ang phūmiphāk, 2004:</subfield>
    <subfield code="b">t.p. (Sūn Wičhai læ Phatthanā Khrōngsāng Mūnthān Yāng Yangyư̄n, Khana Witsawakammasāt, Mahāwitthayālai Khō̜n Kǣn) added t.p. (Sustainable Infrastructure Research and Development Center, Faculty of Engineering, Khon Kaen Univ.)</subfield>
  </datafield>
</record>